<?xml version="1.0" encoding="UTF-8"?><collection xmlns="http://www.loc.gov/MARC21/slim"><record><leader>00459nam--2200181-i-4500</leader><controlfield tag="001">000042347</controlfield><controlfield tag="002">20161230</controlfield><controlfield tag="005">20161230201043</controlfield><controlfield tag="008">060222s1000------------r-----000-0-fre-d</controlfield><datafield ind1=" " ind2=" " tag="040"><subfield code="a">IFIN-HH</subfield></datafield><datafield ind1=" " ind2=" " tag="041"><subfield code="a">fre</subfield></datafield><datafield ind1=" " ind2=" " tag="080"><subfield code="a">534</subfield></datafield><datafield ind1="1" ind2=" " tag="100"><subfield code="a">Soutif,Michel</subfield></datafield><datafield ind1="1" ind2="0" tag="245"><subfield code="a">Vibrations, propagation, diffusion</subfield><subfield code="b">Maitrise de ph.-c2</subfield><subfield code="c">Michel soutif</subfield></datafield><datafield ind1=" " ind2=" " tag="260"><subfield code="a">Paris, Dunod, 1970</subfield></datafield><datafield ind1=" " ind2=" " tag="300"><subfield code="a">XVIII + 266 P</subfield></datafield><datafield ind1=" " ind2=" " tag="852"><subfield code="a">34243</subfield><subfield code="c">532</subfield></datafield><datafield ind1=" " ind2=" " tag="CAT"><subfield code="a">Sys</subfield><subfield code="c">20100714</subfield><subfield code="h">134823</subfield></datafield></record></collection>